@misc{sokoban_wiki,
  author = 	 {Wikipedia},
  title     = {Sokoban},
  url       = {https://en.wikipedia.org/wiki/Sokoban},
  journal   = {Wikipedia},
  publisher = {Wikimedia Foundation},
  year      = {2021},
  month     = {Nov}
} 
@inproceedings{khalifa2020pcgrl,
  title     = {Pcgrl: Procedural content generation via reinforcement learning},
  author    = {Khalifa, Ahmed and Bontrager, Philip and Earle, Sam and Togelius, Julian},
  booktitle = {Proceedings of the AAAI Conference on Artificial Intelligence and Interactive Digital Entertainment},
  volume    = {16},
  pages     = {95--101},
  year      = {2020}
}

@misc{openai_2021,
  title   = {Creating Environments, OpenAI Gym},
  url     = {https://github.com/openai/gym/blob/master/docs/creating_environments.md},
  journal = {GitHub},
  author  = {Openai},
  year    = {2021},
  month   = {Dec}
} 

@misc{schulman_2020,
  title     = {Proximal policy optimization},
  url       = {https://openai.com/blog/openai-baselines-ppo/},
  journal   = {OpenAI},
  publisher = {OpenAI},
  author    = {Schulman, John},
  year      = {2020},
  month     = {Sep}
} 

@article{stable-baselines3,
  author  = {Antonin Raffin and Ashley Hill and Adam Gleave and Anssi Kanervisto and Maximilian Ernestus and Noah Dormann},
  title   = {Stable-Baselines3: Reliable Reinforcement Learning Implementations},
  journal = {Journal of Machine Learning Research},
  year    = {2021},
  volume  = {22},
  number  = {268},
  pages   = {1-8},
  url     = {http://jmlr.org/papers/v22/20-1364.html}
}

@misc{wu_2020,
  title     = {OpenAI Baselines: ACKTR and A2C},
  url       = {https://openai.com/blog/baselines-acktr-a2c/},
  journal   = {OpenAI},
  publisher = {OpenAI},
  author    = {Wu, Yuhuai},
  year      = {2020},
  month     = {Jun}
} 

@article{mnih2015human,
  title     = {Human-level control through deep reinforcement learning},
  author    = {Mnih, Volodymyr and Kavukcuoglu, Koray and Silver, David and Rusu, Andrei A and Veness, Joel and Bellemare, Marc G and Graves, Alex and Riedmiller, Martin and Fidjeland, Andreas K and Ostrovski, Georg and others},
  journal   = {nature},
  volume    = {518},
  number    = {7540},
  pages     = {529--533},
  year      = {2015},
  publisher = {Nature Publishing Group}
}

@article{schulman2017proximal,
  title   = {Proximal policy optimization algorithms},
  author  = {Schulman, John and Wolski, Filip and Dhariwal, Prafulla and Radford, Alec and Klimov, Oleg},
  journal = {arXiv preprint arXiv:1707.06347},
  year    = {2017}
}